<?xml version="1.0" encoding="UTF-8"?><collection xmlns="http://www.loc.gov/MARC21/slim"><record><leader>00495nam--2200181-i-4500</leader><controlfield tag="001">000027076</controlfield><controlfield tag="002">20161230</controlfield><controlfield tag="005">20161230201036</controlfield><controlfield tag="008">060222s1000------------r-----000-0-eng-d</controlfield><datafield ind1=" " ind2=" " tag="040"><subfield code="a">IFIN-HH</subfield></datafield><datafield ind1=" " ind2=" " tag="080"><subfield code="a">514.8:530.1</subfield></datafield><datafield ind1="1" ind2=" " tag="100"><subfield code="a">Manin, Yu I</subfield></datafield><datafield ind1="1" ind2="0" tag="245"><subfield code="a">Mathematics and physics. translated by ann and neal koblitz</subfield><subfield code="c">Yu.i. manin</subfield></datafield><datafield ind1=" " ind2=" " tag="260"><subfield code="a">Boston</subfield><subfield code="b">Birkhauser</subfield><subfield code="c">1981</subfield></datafield><datafield ind1=" " ind2=" " tag="300"><subfield code="a">XII + 99P</subfield></datafield><datafield ind1=" " ind2=" " tag="490"><subfield code="a">Progress In Physics. Vol.3</subfield></datafield><datafield ind1=" " ind2=" " tag="852"><subfield code="a">49139</subfield><subfield code="c">53.02</subfield></datafield><datafield ind1=" " ind2=" " tag="CAT"><subfield code="a">Sys</subfield><subfield code="c">20151021</subfield><subfield code="h">135156</subfield></datafield></record></collection>